<?xml version="1.0" encoding="UTF-8"?><record xmlns="http://www.loc.gov/MARC21/slim" xmlns:cinclude="http://apache.org/cocoon/include/1.0" xmlns:zs="http://www.loc.gov/zing/srw/">
  <leader>00477nz  a2200133n  4500</leader>
  <controlfield tag="001">no2005014177</controlfield>
  <controlfield tag="003">DLC</controlfield>
  <controlfield tag="005">20050215051859.0</controlfield>
  <controlfield tag="008">050214n| acannaabn          |n ana     c</controlfield>
  <datafield tag="010" ind1=" " ind2=" ">
    <subfield code="a">no2005014177</subfield>
  </datafield>
  <datafield tag="035" ind1=" " ind2=" ">
    <subfield code="a">(OCoLC)oca06560683</subfield>
  </datafield>
  <datafield tag="040" ind1=" " ind2=" ">
    <subfield code="a">WaU</subfield>
    <subfield code="b">eng</subfield>
    <subfield code="c">WaU</subfield>
  </datafield>
  <datafield tag="110" ind1="1" ind2=" ">
    <subfield code="a">Australia.</subfield>
    <subfield code="t">National Parks and Wildlife Conservation Act 1975</subfield>
  </datafield>
  <datafield tag="670" ind1=" " ind2=" ">
    <subfield code="a">Kakadu National Park plan of management, 1999 or 2000:</subfield>
    <subfield code="b">t.p. (Commonwealth of Australia, National Parks and Wildlife Conservation Act 1975)</subfield>
  </datafield>
</record>